<record><leader>03648cam a2200493 i 4500</leader><controlfield tag="001">6808183</controlfield><controlfield tag="003">OCoLC</controlfield><controlfield tag="005">20150206104151.0</controlfield><controlfield tag="008">140429t20152015enka     b    001 0 eng  </controlfield><datafield ind1=" " ind2=" " tag="010"><subfield code="a">  2014016392</subfield></datafield><datafield ind1=" " ind2=" " tag="015"><subfield code="a">GBB4B5997</subfield><subfield code="2">bnb</subfield></datafield><datafield ind1="7" ind2=" " tag="016"><subfield code="a">016897788</subfield><subfield code="2">Uk</subfield></datafield><datafield ind1=" " ind2=" " tag="020"><subfield code="a">9780415719193 (hardback)</subfield></datafield><datafield ind1=" " ind2=" " tag="020"><subfield code="a">0415719194 (hardback)</subfield></datafield><datafield ind1=" " ind2=" " tag="020"><subfield code="z">9781315816999 (ebook)</subfield></datafield><datafield ind1="8" ind2=" " tag="024"><subfield code="a">40024286339</subfield></datafield><datafield ind1=" " ind2=" " tag="035"><subfield code="a">ocn859383277</subfield></datafield><datafield ind1=" " ind2=" " tag="040"><subfield code="a">DLC</subfield><subfield code="b">eng</subfield><subfield code="e">rda</subfield><subfield code="c">DLC</subfield><subfield code="d">YDXCP</subfield><subfield code="d">BTCTA</subfield><subfield code="d">BDX</subfield><subfield code="d">UKMGB</subfield><subfield code="d">CDX</subfield><subfield code="d">NDD</subfield><subfield code="d">YUS</subfield><subfield code="d">UAB</subfield><subfield code="d">AEU</subfield></datafield><datafield ind1=" " ind2=" " tag="042"><subfield code="a">pcc</subfield></datafield><datafield ind1="0" ind2="0" tag="050"><subfield code="a">JZ6374</subfield><subfield code="b">.H47 2015</subfield></datafield><datafield ind1="0" ind2="0" tag="082"><subfield code="a">355.3/57</subfield><subfield code="2">23</subfield></datafield><datafield ind1=" " ind2=" " tag="084"><subfield code="a">POL011000</subfield><subfield code="a">POL012000</subfield><subfield code="a">POL034000</subfield><subfield code="2">bisacsh</subfield></datafield><datafield ind1=" " ind2=" " tag="090"><subfield code="a">JZ 6374 H47 2015</subfield><subfield code="b">AEU</subfield></datafield><datafield ind1="1" ind2=" " tag="100"><subfield code="a">Herro, Annie,</subfield><subfield code="e">author.</subfield></datafield><datafield ind1="1" ind2="0" tag="245"><subfield code="a">UN Emergency Peace Service and the responsibility to protect /</subfield><subfield code="c">Annie Herro.</subfield></datafield><datafield ind1="3" ind2=" " tag="246"><subfield code="a">United Nations Emergency Peace Service and the responsibility to protect</subfield></datafield><datafield ind1=" " ind2="1" tag="264"><subfield code="a">Milton Park, Abingdon, Oxon ;</subfield><subfield code="a">New York, NY :</subfield><subfield code="b">Routledge/Taylor &amp; Francis Group,</subfield><subfield code="c">2015.</subfield></datafield><datafield ind1=" " ind2="4" tag="264"><subfield code="c">&#169;2015</subfield></datafield><datafield ind1=" " ind2=" " tag="300"><subfield code="a">xi, 168 pages :</subfield><subfield code="b">illustration ;</subfield><subfield code="c">24 cm.</subfield></datafield><datafield ind1=" " ind2=" " tag="336"><subfield code="a">text</subfield><subfield code="b">txt</subfield><subfield code="2">rdacontent</subfield></datafield><datafield ind1=" " ind2=" " tag="337"><subfield code="a">unmediated</subfield><subfield code="b">n</subfield><subfield code="2">rdamedia</subfield></datafield><datafield ind1=" " ind2=" " tag="338"><subfield code="a">volume</subfield><subfield code="b">nc</subfield><subfield code="2">rdacarrier</subfield></datafield><datafield ind1="1" ind2=" " tag="490"><subfield code="a">Global politics and the responsibility to protect</subfield></datafield><datafield ind1=" " ind2=" " tag="504"><subfield code="a">Includes bibliographical references (pages 157-161) and index.</subfield></datafield><datafield ind1=" " ind2=" " tag="520"><subfield code="a">"This book examines the attitudes of political, military and non-state actors towards the idea of a UN Emergency Peace Service, and the issues that might affect support of the establishment of this service in both theory and practice. The United Nations Emergency Peace Service (UNEPS) is a civil society-led idea to establish a permanent UN peacekeeping service to improve UN peace operations as well as to operationalise the emerging norm of the 'responsibility to protect' civilians from atrocity crimes. The UNEPS proposal has received limited support. The author argues that interest in, and support for, the UNEPS proposal is determined by government perceptions that such a service would erode state sovereignty, the extent to which the principles of the proposal are consistent with actors' views on the world and perceptions on whether UNEPS will realistically be capable of contributing to the workings of the UN and regional peacekeeping systems in areas that are seen to be deficient. The book makes a case for localising the UNEPS proposal and the author suggests that UNEPS' architects might consider developing a less ambitious proposal as a first step to creating a rapidly deployable service with the mandate to prevent atrocity crimes. It examines various alternatives towards this end and concludes that, because the UNEPS proposal is intricately linked to the UN, trust in the world organisation is an essential ingredient in generating support for the idea. It argues that a central way of achieving this is to ensure that the values and priorities of a wide range of stakeholders are seen to be represented in the organisation's structure and workings"--</subfield><subfield code="c">Provided by publisher.</subfield></datafield><datafield ind1=" " ind2=" " tag="596"><subfield code="a">16 43</subfield></datafield><datafield ind1="2" ind2="0" tag="610"><subfield code="a">United Nations.</subfield><subfield code="b">Emergency Peace Service.</subfield></datafield><datafield ind1="2" ind2="0" tag="610"><subfield code="a">United Nations</subfield><subfield code="x">Peacekeeping forces.</subfield></datafield><datafield ind1=" " ind2="0" tag="650"><subfield code="a">Responsibility to protect (International law)</subfield></datafield><datafield ind1=" " ind2="0" tag="650"><subfield code="a">Atrocities</subfield><subfield code="x">Prevention.</subfield></datafield><datafield ind1=" " ind2="0" tag="830"><subfield code="a">Global politics and the responsibility to protect.</subfield></datafield><datafield ind1=" " ind2=" " tag="949"><subfield code="a">JZ 6374 H47 2015</subfield><subfield code="h">UAAU-B</subfield><subfield code="i">0162035240587</subfield></datafield><datafield ind1=" " ind2=" " tag="926"><subfield code="a">JZ 6374 H47 2015</subfield><subfield code="w">LC</subfield><subfield code="c">1</subfield><subfield code="i">0162035240587</subfield><subfield code="l">ON_SHELF</subfield><subfield code="m">UAAUG</subfield><subfield code="p">$150.00</subfield><subfield code="r">Y</subfield><subfield code="s">Y</subfield><subfield code="t">BOOK</subfield><subfield code="u">2/19/2015</subfield></datafield><datafield ind1=" " ind2=" " tag="926"><subfield code="a">JZ 6374 H47 2015</subfield><subfield code="w">LC</subfield><subfield code="c">1</subfield><subfield code="i">0162035253408</subfield><subfield code="d">4/10/2015</subfield><subfield code="e">4/10/2015</subfield><subfield code="l">ON_SHELF</subfield><subfield code="m">UAHSS</subfield><subfield code="n">2</subfield><subfield code="p">$150.00</subfield><subfield code="r">Y</subfield><subfield code="s">Y</subfield><subfield code="t">BOOK</subfield><subfield code="u">3/11/2015</subfield></datafield></record>